%ok
@misc{rfc7519,
  series       = {Request for Comments},
  number       = 7519,
  howpublished = {RFC 7519},
  publisher    = {RFC Editor},
  doi          = {10.17487/RFC7519},
  url          = {https://www.rfc-editor.org/info/rfc7519},
  author       = {Michael B. Jones and John Bradley and Nat Sakimura},
  title        = {{JSON Web Token (JWT)}},
  pagetotal    = 30,
  year         = 2015,
  month        = may
}

%ok
@misc{rfc6750,
  series       = {Request for Comments},
  number       = 6750,
  howpublished = {RFC 6750},
  publisher    = {RFC Editor},
  doi          = {10.17487/RFC6750},
  url          = {https://www.rfc-editor.org/info/rfc6750},
  author       = {Michael B. Jones and Dick Hardt},
  title        = {{The OAuth 2.0 Authorization Framework: Bearer Token Usage}},
  pagetotal    = 18,
  year         = 2012,
  month        = oct
}

%ok
@misc{reactivemanifesto,
  author       = {Bonér, Jonas and Farley, Dave and Kuhn, Roland and Thompson, Martin},
  title        = {{The Reactive Manifesto}},
  year         = {2014},
  howpublished = {https://www.reactivemanifesto.org/}
}

%LOOKS ok
@inproceedings{derezinska2020performance,
  title        = {Performance-based Refactoring of Web Application: A Case of Public Transport},
  author       = {Derezinska, Anna and Kwaśnik, Krzysztof},
  booktitle    = {Proceedings of the 15th International Conference on Evaluation of Novel Approaches to Software Engineering (ENASE 2020)},
  pages        = {611--618},
  year         = {2020},
  organization = {SCITEPRESS},
  doi          = {10.5220/0009797006110618},
  isbn         = {978-989-758-421-3}
}

%ok
@article{hanenberg2014empirical,
  author  = {Hanenberg, Stefan and Kleinschmager, Sebastian and Robbes, Romain and Tanter, Éric and Stefik, Andreas},
  year    = {2013},
  month   = {10},
  pages   = {},
  title   = {An empirical study on the impact of static typing on software maintainability},
  volume  = {19},
  journal = {Empirical Software Engineering},
  doi     = {10.1007/s10664-013-9289-1}
}

%ok
@article{ghaleb2019empirical,
  author  = {Ghaleb, Taher and Costa, Daniel and Zou, Ying},
  year    = {2019},
  month   = {08},
  pages   = {},
  title   = {An Empirical Study of the Long Duration of Continuous Integration Builds},
  volume  = {24},
  journal = {Empirical Software Engineering},
  doi     = {10.1007/s10664-019-09695-9}
}

%ok
@inproceedings{Rahman_2018,
  title      = {Characterizing the influence of continuous integration: empirical results from 250+ open source and proprietary projects},
  url        = {http://dx.doi.org/10.1145/3278142.3278149},
  doi        = {10.1145/3278142.3278149},
  booktitle  = {Proceedings of the 4th ACM SIGSOFT International Workshop on Software Analytics},
  publisher  = {ACM},
  author     = {Rahman, Akond and Agrawal, Amritanshu and Krishna, Rahul and Sobran, Alexander},
  year       = {2018},
  month      = nov,
  pages      = {8–14},
  collection = {ESEC/FSE ’18}
}

%ok
@inproceedings{Bogner_2022,
  series     = {MSR ’22},
  title      = {To type or not to type?: a systematic comparison of the software quality of JavaScript and typescript applications on GitHub},
  url        = {http://dx.doi.org/10.1145/3524842.3528454},
  doi        = {10.1145/3524842.3528454},
  booktitle  = {Proceedings of the 19th International Conference on Mining Software Repositories},
  publisher  = {ACM},
  author     = {Bogner, Justus and Merkel, Manuel},
  year       = {2022},
  month      = may,
  pages      = {658–669},
  collection = {MSR ’22}
}

%ok
@inproceedings{bierman2014understanding,
  author    = {Bierman, Gavin
               and Abadi, Mart{\'i}n
               and Torgersen, Mads},
  editor    = {Jones, Richard},
  title     = {Understanding TypeScript},
  booktitle = {ECOOP 2014 -- Object-Oriented Programming},
  year      = {2014},
  publisher = {Springer Berlin Heidelberg},
  address   = {Berlin, Heidelberg},
  pages     = {257--281},
  isbn      = {978-3-662-44202-9}
}


%ok
@article{teixeira2020systematic,
  author  = {Teixeira, Daniel and Pereira, Ruben and Henriques, Telmo and Silva, Miguel and Faustino, João},
  year    = {2020},
  month   = {04},
  pages   = {1-22},
  title   = {A Systematic Literature Review on DevOps Capabilities and Areas},
  volume  = {11},
  journal = {International Journal of Human Capital and Information Technology Professionals},
  doi     = {10.4018/IJHCITP.2020040101}
}

%ok
@inbook{spring_reactive,
  author    = {Gutierrez, Felipe},
  title     = {Spring Boot Reactive},
  booktitle = {Pro Spring Boot 3: An Authoritative Guide with Best Practices},
  year      = {2024},
  publisher = {Apress},
  address   = {Berkeley, CA},
  pages     = {327--362},
  abstract  = {In this chapter we are going to talk about how the Spring Framework utilizes the power of Project Reactor (https://projectreactor.io/) for building data and web reactive applications, and how Spring Boot helps with its auto-configuration feature to wire everything up to create awesome Reactive apps with ease. The Spring Framework introduced the Reactive technology with WebFlux in version 5.0 and now with version 6.x it got better!},
  isbn      = {978-1-4842-9294-5},
  doi       = {10.1007/978-1-4842-9294-5_7},
  url       = {https://doi.org/10.1007/978-1-4842-9294-5_7}
}


%ok
@phdthesis{vrincean2021optimizing,
  author = {Vrincean, Alex},
  year   = {2021},
  month  = {07},
  pages  = {},
  title  = {Optimizing request handling using blocking \& non-blocking I/O middleware},
  doi    = {10.13140/RG.2.2.31709.13282}
}



%ok
@inbook{chen2019performance,
  author  = {Chęć, Dariusz and Nowak, Ziemowit},
  year    = {2019},
  month   = {01},
  pages   = {119-134},
  title   = {The Performance Analysis of Web Applications Based on Virtual DOM and Reactive User Interfaces},
  isbn    = {978-3-319-99616-5},
  journal = {Advances in Intelligent Systems and Computing},
  doi     = {10.1007/978-3-319-99617-2_8}
}

%ok
@inproceedings{mayerTyping,
  author  = {Mayer, Clemens and Hanenberg, Stefan and Robbes, Romain and Tanter, Éric and Stefik, Andreas},
  year    = {2012},
  month   = {10},
  pages   = {683-702},
  title   = {An empirical study of the influence of static type systems on the usability of undocumented software},
  volume  = {47},
  journal = {ACM SIGPLAN Notices},
  doi     = {10.1145/2384616.2384666}
}

%ok
@article{rana2023enhancing,
  author  = {Rana, Manish and Pandey, Ayush and Mishra, Ankit and Kandu, Vishal},
  year    = {2024},
  month   = {09},
  pages   = {4409–4416},
  title   = {International Journal on Recent and Innovation Trends in Computing and Communication Enhancing Data Security: A Comprehensive Study on the Efficacy of JSON Web Token (JWT) and HMAC SHA-256 Algorithm for Web Application Security},
  volume  = {11},
  journal = {International Journal on Recent and Innovation Trends in Computing and Communication},
  doi     = {10.17762/ijritcc.v11i9.9930}
}

%ok
@article{karka2025state,
  author  = {Karka, Narender and Associate II, Research},
  year    = {2025},
  month   = {03},
  pages   = {108-132},
  title   = {State Management in Large-Scale React Applications: A Comprehensive Analysis},
  volume  = {16},
  journal = {INTERNATIONAL JOURNAL OF ADVANCED RESEARCH IN ENGINEERING & TECHNOLOGY},
  doi     = {10.34218/IJARET_16_02_007}
}

%ok
@article{flanagan2024token,
  author  = {Flanagan, Heather},
  year    = {2024},
  month   = {11},
  pages   = {},
  title   = {Token Lifetimes and Security in OAuth 2.0: Best Practices and Emerging Trends},
  volume  = {1},
  journal = {IDPro Body of Knowledge},
  doi     = {10.55621/idpro.108}
}

%dont like this
@misc{owasp_jwt_cheatsheet,
  title        = {{JSON Web Token for Java Cheat Sheet}},
  author       = {{OWASP Foundation}},
  howpublished = {OWASP Cheat Sheet Series},
  year         = {2023},
  url          = {https://cheatsheetseries.owasp.org/cheatsheets/JSON_Web_Token_for_Java_Cheat_Sheet.html}
}

%ok
@inproceedings{hilton2016usage,
  author = {Hilton, Michael and Tunnell, Timothy and Huang, Kai and Marinov, Darko and Dig, Danny},
  year   = {2016},
  month  = {08},
  pages  = {426-437},
  title  = {Usage, costs, and benefits of continuous integration in open-source projects},
  doi    = {10.1145/2970276.2970358}
}

%DOCKER

%ok
@misc{moravcik2024experimental,
  title         = {Experimental Assessment of Containers Running on Top of Virtual Machines},
  author        = {Hossein Aqasizade and Ehsan Ataie and Mostafa Bastam},
  year          = {2024},
  eprint        = {2401.07539},
  archiveprefix = {arXiv},
  primaryclass  = {cs.DC},
  url           = {https://arxiv.org/abs/2401.07539}
}

%ok
@article{coha2019evaluating,
  author  = {Tarasov, Vasily and Rupprecht, Lukas and Skourtis, Dimitris and Li, Wenji and Rangaswami, Raju and Zhao, Ming},
  year    = {2019},
  month   = {12},
  pages   = {},
  title   = {Evaluating Docker storage performance: from workloads to graph drivers},
  volume  = {22},
  journal = {Cluster Computing},
  doi     = {10.1007/s10586-018-02893-y}
}

%ok
@article{shafique2024containerization,
  author  = {Publication, Research},
  year    = {2020},
  month   = {10},
  pages   = {786-795},
  title   = {Containerization and its impact on DevOps practices},
  volume  = {10},
  journal = {SSRN Electronic Journal}
}

%ok
@misc{react_testing_library,
  title        = {React Testing Library},
  author       = {Kent C. Dodds and others},
  howpublished = {\url{https://testing-library.com/docs/react-testing-library/intro/}},
  note         = {Guiding Principle: "The more your tests resemble the way your software is used, the more confidence they can give you"},
  year         = {2024},
  urldate      = {2024-12-01}
}